@online{geeksforgeeks,
  author = "GeeksforGeeks",
  title = "C++ Implementation of Minesweeper Game",
  url = "https://www.geeksforgeeks.org/cpp-implementation-minesweeper-game/",
  year = "2023",
  note = "[Accessed: June 6, 2023]"
}

@online{opengenus,
  author = "OpenGenus IQ",
  title = "Minesweeper Game using JavaScript",
  url = "https://iq.opengenus.org/minesweeper-game-using-js/",
  year = "2023",
  note = "[Accessed: June 6, 2023]"
}
